3158 5588
245 570 288 620 ια
626 545 1063 620 CENTURIO

289 800 381 854 stans
408 783 443 851 in
468 780 640 870 navicula,
664 781 797 854 medius
822 780 978 874 caelique
1004 782 1186 872 inanisque,
1212 783 1249 877 ⁷)

288 1013 439 1107 quidam.
454 1069 462 1086 .
478 1071 510 1088 ..
537 1037 640 1107 quem
664 1015 805 1088 dicam?
831 1015 986 1086 Stantem
1010 1037 1075 1108 pro
1100 1015 1200 1087 litote
1225 1015 1363 1086 turbam

289 1250 478 1346 ingentem,
502 1267 674 1341 tamquam
699 1269 825 1340 pueros
850 1269 947 1341 patet
972 1251 1058 1340 ipse,
1083 1248 1264 1321 docebat.-

291 1479 372 1553 Vox
396 1484 505 1574 ripam
528 1481 599 1553 leni
623 1479 811 1580 plangebat
834 1479 971 1552 flamine
996 1481 1093 1574 pulsa

290 1715 413 1788 alterni
437 1713 533 1787 velut
556 1714 649 1788 unda
674 1717 786 1788 maris.
813 1711 978 1787 Faciebat
1003 1717 1037 1785 in
1064 1737 1146 1787 nura

290 1949 444 2042 pendens
470 1931 574 2020 lerba
598 1947 694 2021 velut
719 1948 763 2020 de
787 1947 947 2020 caeruleo
972 1969 1148 2045 suggestu.

289 2181 368 2276 Ipse
393 2181 573 2254 videbatur
598 2179 724 2253 blanda
751 2201 890 2269 terram,
915 2202 1022 2271 mare,
1047 2180 1181 2253 caelum

290 2437 392 2509 atque
418 2417 550 2486 animos
574 2413 754 2486 hominum
779 2413 1056 2508 tranquillavisse
1081 2413 1229 2507 loquela.

291 2648 484 2722 Adstabant
508 2649 629 2740 inopes
653 2669 772 2720 omnes
797 2650 932 2777 cnrisve
957 2649 1100 2720 remorsi

289 2902 323 2953 et
348 2880 512 2975 querulae
537 2901 662 2953 matres
687 2900 722 2952 et
748 2884 838 2953 servi
864 2902 961 2953 torva
987 2901 1140 2955 tuentes:

289 3113 452 3186 laetitiam
478 3114 592 3186 vultus
617 3112 679 3186 illo
703 3114 840 3185 dicente
865 3114 1069 3188 trahebant’

290 3346 400 3444 ‚Quid
425 3347 598 3419 dicebatl'
624 3344 755 3436 ‚Eram
782 3347 880 3419 nobis
905 3368 943 3419 ut
968 3369 1029 3457 pat
1055 3366 1140 3439 etat,
1165 3346 1227 3420 illo

291 3581 326 3652 in
351 3601 510 3654 sermone
535 3579 647 3655 rudis:
674 3581 834 3651 iactatum
860 3602 962 3675 saepe
988 3580 1179 3654 sedunum

291 3812 416 3887 edidici
442 3813 610 3886 verbum?
636 3810 768 3908 ,Quod
794 3813 931 3887 sodesl'
957 3812 1136 3908 ‚Eloquan

1316 4048 1412 4122 Olim

290 4275 456 4370 deprendi
481 4278 614 4366 mediis,
641 4277 745 4351 sedeo
770 4300 807 4351 ut
833 4278 925 4350 tiunc
949 4282 1036 4373 ipse,
1061 4281 1237 4352 sedentem
1265 4277 1299 4377 ⁸)

291 4513 326 4583 in
351 4513 478 4604 pueris.
505 4510 640 4584 Matres
665 4533 801 4584 teneros
826 4512 906 4585 hinc
933 4514 1012 4585 inde
1038 4513 1197 4587 ferebant

290 4741 449 4834 infantes,
472 4766 560 4843 quos
585 4743 643 4815 ille
668 4743 808 4841 quidem
833 4749 1068 4844 contingeret:
1093 4745 1185 4820 ultro
