3158 5588
536 553 971 631 CENTURIO

200 796 273 869 Aut
298 794 430 889 placeat
455 791 562 867 flavos
587 796 703 887 potius
728 815 919 866 memorare
946 791 1166 890 Sygambros.
1255 887 1257 891 ι

110 1003 113 1007 ’
200 1025 249 1100 Ut
272 1026 412 1124 >fugiens
438 1026 522 1099 olim
547 1026 646 1099 latuit
670 1027 734 1099 sub
759 1029 925 1123 sanguine
949 1028 1052 1123 nigro

200 1260 401 1334 Arminius?
427 1257 542 1356 Quem
567 1281 630 1334 nos
655 1281 725 1333 non
750 1256 1000 1334 debellavimus
1024 1278 1075 1331 est
1100 1256 1211 1351 quisi'

202 1729 297 1803 Haec
323 1752 391 1802 una
415 1731 533 1824 pueri:
561 1727 746 1824 respondet
771 1727 888 1801 milesr
915 1728 978 1820 ‚At
1001 1727 1087 1801 haec
1113 1748 1164 1800 est

201 1967 272 2036 vis:
300 1985 447 2036 cuneum
472 1962 560 2036 datis
585 1982 620 2035 et
645 1965 742 2035 ruitis
767 1960 939 2035 testudine
964 1959 1074 2036 facta:

202 2218 378 2290 erumpam
403 2150 624 2290 quaudoque,
649 2194 759 2283 nefas,
784 2197 1009 2269 obsessus...
1027 2196 1053 2267 .’
1080 2146 1126 2267 Et
1151 2193 1221 2269 illi:

201 2429 303 2518 ‚Im0‚
326 2450 404 2527 age,
427 2428 521 2523 quod
546 2428 643 2502 nullo
668 2427 782 2501 refluit
807 2450 900 2501 mare
925 2427 1040 2519 litore,
1066 2449 1178 2517 narra,
1203 2428 1241 2525 ⁴)

202 2684 301 2734 narra
324 2660 418 2734 mille
443 2684 571 2735 novum
597 2660 793 2757 perculsum
819 2660 963 2735 navibus
988 2681 1128 2754 aequor.

202 2894 353 2967 Vidistin
378 2917 520 2992 magnos
544 2895 696 2970 humano
720 2917 867 2989 corpore
892 2894 1029 2989 pisces?

203 3127 278 3200 Cur
302 3149 372 3200 non
397 3128 456 3202 das
481 3131 581 3204 nobis
605 3130 779 3204 hominem
803 3151 872 3222 qua
897 3147 998 3200 nocte
1023 3129 1191 3199 marinum
1218 3129 1251 3224 ⁵)

201 3362 329 3437 videris
353 3367 388 3436 in
413 3365 567 3435 transtris
593 3383 626 3435 et
651 3385 719 3456 qua
744 3362 807 3435 sub
832 3361 911 3434 luce
937 3359 1141 3435 sedentem?

203 3593 252 3669 Ut
276 3597 391 3670 subito
415 3541 508 3671 mare
531 3618 595 3689 per
619 3597 777 3670 tenebras
803 3615 982 3668 aurescere
1007 3596 1124 3686 coepit

205 3850 239 3902 et
263 3830 389 3925 polus?
418 3828 482 3902 Ille
507 3829 649 3922 quidem
672 3849 790 3902 secum
816 3828 900 3921 quid
926 3830 1022 3903 triste
1047 3826 1218 3900 canebat?

204 4060 309 4137 Nunc
333 4062 432 4136 licuit
457 4063 558 4136 nobis
584 4081 710 4135 metam
735 4063 937 4159 contingere
963 4081 1087 4135 rerum.

204 4293 389 4368 Terrarum
415 4296 514 4368 nobis
539 4297 724 4388 impervius
750 4292 895 4392 angulus
920 4315 972 4370 est
997 4294 1091 4387 quii'

204 4760 338 4841 Interea
363 4762 406 4837 ad
430 4762 539 4837 multo
564 4761 714 4838 velatum
740 4759 824 4838 flore
849 4761 1014 4838 sacellum
