3158 5588
531 545 969 621 CENTURIO

177 786 306 876 quippe
331 784 390 855 ubi
414 781 563 901 fumaret
588 780 711 854 caedes
736 802 770 853 et
794 803 911 880 pugna
936 780 1070 856 sileret:

176 973 248 1087 non
271 1015 392 1088 oculos
417 1014 607 1107 hominum,
631 1015 842 1108 quaerebant
867 1017 998 1088 semina
1022 1017 1136 1089 corvi:

175 1252 235 1341 qui
259 1245 386 1320 moniti
406 1245 558 1346 vigilum>
576 1248 691 1320 subito
716 1247 881 1362 clangore
907 1247 1052 1320 duorum

176 1452 293 1554 omnes
318 1503 400 1553 vasa
424 1484 494 1552 cito
519 1503 580 1551 sua
597 1451 785 1578 ‘collegere'
804 1480 972 1554 volantes.

176 1712 257 1786 Post
283 1718 388 1786 animi
414 1737 522 1810 vagus
547 1736 566 1785 e
591 1713 698 1786 densa
723 1712 923 1811 defringere
948 1737 1051 1808 saepe

173 1947 264 2019 haud
291 1951 419 2019 veritus
445 1945 605 2018 baculum
631 1948 708 2032 sibi,
736 1969 771 2018 se
797 1947 992 2040 deprendit,
1016 1970 1054 2020 ut
1079 1946 1164 2020 olim

173 2177 307 2252 difficili
334 2183 423 2251 saxis
449 2201 551 2271 atque
576 2178 691 2251 herbis
717 2183 787 2252 vite
813 2183 1013 2254 minantem.

175 2411 336 2505 Denique
362 2411 540 2484 contendit
565 2432 699 2506 putrem
727 2413 915 2507 subrepere
940 2416 1055 2487 vicunt

172 2647 239 2716 iarn
264 2666 429 2745 vergente
455 2645 524 2737 die,
550 2644 763 2740 placidisque
789 2649 967 2740 quiescere
992 2649 1111 2727 castris

171 2882 346 2951 centurio:
374 2876 494 2976 caligis
519 2881 575 2949 via
600 2881 667 2952 vici
694 2878 779 2951 dura
806 2881 967 2952 sonabat:

172 3131 273 3204 atque
299 3111 396 3184 illum
423 3135 441 3181 a
467 3114 569 3183 trivio
594 3116 693 3205 pueri
719 3111 836 3184 videre
862 3111 1006 3185 tribules

170 3346 273 3439 inque
299 3342 395 3415 illum
422 3346 537 3416 subito
561 3345 683 3418 dextra
708 3345 874 3440 laevaque
900 3349 1026 3433 coorti,

169 3574 237 3662 ‚dic
261 3575 406 3669 aquilas,
439 3577 495 3650 dic
521 3579 624 3651 arma’
650 3577 804 3651 fremunt
825 3579 894 3672 ‚dic
921 3577 1012 3652 bella
1037 3582 1290 3675 cruoremque’.

168 4040 358 4135 Expulerat
383 4041 495 4116 ferula
519 4043 593 4116 ludi
617 4044 722 4137 paulo
748 4066 825 4117 ante
850 4049 1013 4143 magister

166 4297 347 4372 germanos
372 4279 504 4349 asinos:
530 4297 562 4348 at
587 4276 675 4371 pulli
701 4300 839 4351 currere
864 4278 988 4351 lusum.

167 4504 390 4581 Tum’loculi
417 4508 538 4581 ludere
563 4531 684 4598 nuces,
708 4509 779 4605 pila
804 4511 911 4583 multu
936 4534 998 4605 per
1023 4534 1122 4585 auras

165 4739 316 4829 exsiluit,
339 4741 428 4812 male
453 4765 541 4835 quae
565 4746 669 4815 tacita
695 4745 759 4815 sub
785 4761 879 4817 veste
905 4743 1049 4816 latebatt
