3158 5588
507 573 942 647 CENTURlO
1290 599 1326 646 n

157 833 210 881 res
236 811 366 906 geritur
391 805 470 901 pilis
496 830 529 880 et
555 808 783 906 digladiamur
808 809 972 882 honeste:

158 1040 306 1114 bellatur
331 1040 434 1115 belle.
462 1041 531 1112 Sed
557 1063 590 1114 et
616 1063 666 1112 est
690 1041 785 1135 quod
810 1064 968 1135 torqueat
993 1066 1053 1114 ora

158 1297 192 1346 et
215 1274 308 1367 quod
336 1273 551 1346 corniculum
576 1278 697 1346 metita
722 1275 764 1346 de
790 1276 920 1348 casside
947 1274 1056 1347 ferme

159 1509 322 1599 excutiat,
347 1511 441 1601 pupi.
469 1506 559 1578 Nam
586 1507 808 1602 primuspilus
832 1549 882 1561 -—
907 1508 1085 1580 Adesdum
1110 1549 1160 1560 -

158 1742 336 1834 inquit-
358 1763 445 1837 coge
470 1763 622 1830 manum,
647 1763 727 1834 pete
753 1741 878 1813 collem
904 1744 1054 1813 nomine.
1070 1798 1078 1815 .
1095 1797 1128 1814 ..
1155 1761 1281 1811 nornen

157 1970 257 2068 fugit.
274 2030 281 2046 .
298 2029 330 2046 ..
357 1997 434 2045 eum
459 1997 616 2070 grumum
643 1977 701 2067 qui
728 1998 850 2046 corvos
875 1978 985 2068 pascit
1011 1976 1053 2046 ad
1078 1950 1219 2067 urbem:

157 2206 444 2294 convivabuntur‚
469 2209 570 2278 nobis
595 2207 637 2279 de
664 2231 758 2280 more
783 2211 923 2300 coquis:
950 2210 960 2278 i
986 2249 1036 2261 -

159 2435 237 2508 Heu
263 2439 371 2530 pudet
396 2439 563 2512 hastatum
588 2462 666 2512 cum
692 2442 872 2535 torquibus
899 2461 1001 2534 atque
1027 2437 1159 2511 catellis

158 2669 308 2742 carnifici
334 2695 468 2743 servare
495 2696 627 2764 cruces,
653 2677 810 2746 assistere
836 2676 953 2759 morti,

158 2923 195 2974 ut
219 2926 280 2975 vos
306 2927 407 2997 saepe
433 2904 557 2998 planis,
584 2929 641 2979 aut
665 2910 693 2980 si
719 2906 941 2979 funambulus
967 2927 1095 2998 anceps

159 3135 327 3210 detineat:
354 3141 442 3210 sicut
467 3143 620 3227 memini,
645 3162 724 3212 cum
749 3163 889 3234 prorsus
916 3142 951 3210 in
978 3159 1060 3210 aure

160 3390 228 3439 non
253 3368 384 3442 homini
411 3371 475 3445 soli
501 3374 566 3444 nisi
592 3372 675 3466 quid
700 3376 845 3470 garriret
870 3371 1051 3444 hirundo„
1067 3425 1100 3443 ..
1127 3369 1164 3466 6>

160 3601 303 3675 barbara
328 3604 389 3676 sed
415 3604 534 3704 lingua
560 3627 624 3690 est,
650 3628 684 3677 et
709 3627 779 3677 non
805 3603 1052 3702 intelligitur..
1069 3605 1113 3676 ..'
1147 3600 1285 3699 ‚Quidl

161 3837 243 3911 Non
269 3838 506 3935 intelligimus'
533 3842 623 3911 canit
648 3861 717 3911 una
742 3861 829 3910 voce
855 3860 995 3911 corona.

160 4073 286 4162 ,Recte
313 4074 506 4164 corripitis:
534 4071 637 4165 paulo
663 4071 763 4143 altius
783 4071 908 4144 ordiar.

160 4537 234 4612 illic
261 4538 354 4610 unde
380 4559 503 4631 parant
527 4537 683 4610 homines
706 4536 928 4630 opobalsama
951 4535 1047 4625 lauti,

160 4773 241 4845 dum
266 4793 387 4868 vagor,
413 4794 496 4843 ecce
522 4770 617 4842 lacus
644 4770 688 4842 ad
713 4773 822 4863 ripam
847 4771 939 4850 visus
966 4771 1101 4841 amoeni
