3158 5588
551 553 985 628 CENTURIO

210 809 245 860 et
270 790 415 882 probris.
442 786 615 861 Veniente
641 811 754 861 tamen
776 791 840 861 iam
866 812 1010 883 vespere
1034 788 1163 861 clamor

208 1042 242 1094 et
268 1043 382 1096 tumor
406 1023 487 1095 hinc
513 1043 547 1094 et
573 1021 652 1093 faex
677 1026 789 1094 omnis
816 1041 1031 1093 concesserat
1056 1021 1162 1094 urbis.

209 1253 376 1327 lemnon
403 1255 475 1328 sole
502 1254 614 1327 tholus
639 1253 759 1347 templi
786 1252 941 1352 fulgebat
966 1273 1001 1326 et
1026 1274 1121 1325 auto,

210 1484 338 1576 Multa,
364 1509 401 1560 ut
426 1511 531 1613 nune,
556 1489 668 1580 pueri,
692 1489 822 1559 circum
848 1487 1013 1559 volitabat
1038 1485 1201 1573 hirundo,

207 1739 240 1789 et
266 1742 381 1792 roseas
405 1723 547 1794 memini
570 1719 703 1791 fluitare
728 1743 790 1812 per
816 1743 894 1790 aeta
919 1720 1038 1792 nubes.

207 1951 265 2024 Ad
290 1955 416 2046 patrias
442 1951 592 2024 Ulubtas
617 1952 700 2022 mihi
724 1974 796 2024 tum
822 1975 992 2023 remeasse
1017 1951 1159 2023 videbar

206 2205 241 2256 et
264 2188 395 2274 matris,
418 2184 513 2258 velut
539 2188 572 2256 in
599 2188 739 2273 somnis,
765 2185 883 2257 audire
908 2184 1094 2277 querelam.

206 2415 398 2513 Nescioqui
423 2440 525 2512 caput
551 2417 682 2492 attollo.
709 2418 870 2516 Quemne
895 2420 929 2488 in
956 2436 1059 2489 cruce
1085 2418 1221 2489 tandem

205 2650 355 2724 adfixum
381 2650 485 2724 clavis
511 2672 582 2723 tum
609 2674 663 2722 me
691 2651 816 2722 vidisse
843 2653 996 2743 putatis?

204 2882 304 2956 Illum
329 2887 389 2978 qui
415 2907 538 2978 parvos
564 2884 606 2956 ad
632 2907 668 2955 se
693 2887 905 2976 miserosque
931 2885 1077 2970 sinebat,

204 3115 271 3189 Hic
296 3117 340 3189 de
361 3117 493 3189 infelici
517 3116 709 3210 vepallidus
735 3118 870 3207 arbore,
897 3119 1032 3208 iamque

204 3353 275 3445 ipsa
301 3353 336 3422 in
362 3373 484 3441 morte,
510 3349 592 3448 mihi
618 3349 758 3422 sceleris
782 3349 911 3442 letique
937 3351 1093 3420 ministro

202 3583 338 3656 demisit
363 3606 502 3656 vocem.
518 3639 526 3656 .
543 3639 551 3656 .
566 3584 587 3656 .'
615 3582 728 3678 ‚Quae
756 3605 837 3674 vox,
862 3603 971 3676 pater,
997 3580 1056 3651 illa
1082 3579 1180 3653 fuit‘l'
1198 3582 1324 3668 ‚Pam’

202 3815 280 3888 Nec
306 3815 407 3911 plura
432 3815 495 3888 his.
523 3814 655 3887 Luteus
680 3838 803 3887 matres
830 3839 1009 3908 acceperat
1031 3836 1150 3885 omnes

201 4049 356 4123 nidulus:
387 4071 420 4120 at
445 4048 531 4142 pulli
557 4049 682 4143 tepidis
708 4073 858 4120 mussare
884 4049 947 4119 sub
974 4048 1046 4118 alis.

202 4281 352 4361 Mittunt
379 4282 589 4380 longinquae
615 4305 716 4353 ranae
741 4281 949 4374 quandoque
975 4278 1141 4373 querelas.

200 4516 318 4608 Atque
344 4516 399 4587 hic
424 4519 581 4588 centurio
606 4515 726 4586 similis
754 4516 962 4600 meditantis,
988 4512 1125 4599 ,Homo’
1152 4515 1262 4604 inquit

199 4746 306 4832 ‚Vere
333 4747 443 4819 Iustus
469 4747 574 4821 Erat.
603 4746 733 4819 Mortis
759 4771 861 4818 cruce
887 4769 989 4817 causa
1014 4746 1197 4839 pependit:
