3158 5588
647 553 1088 629 CENTURIO

299 783 395 861 Hace
421 785 564 860 Ulubris
589 789 688 882 pueri
713 786 848 862 loculos
873 787 1092 884 tabulamque
1117 812 1276 888 gerentes

298 1023 333 1091 in
360 1022 463 1093 trivio
487 1019 645 1093 clamant.
672 1020 815 1093 Medios
839 1019 999 1115 delapsus
1025 1026 1060 1093 in
1085 1022 1199 1095 hostes

297 1249 460 1325 emeritus
485 1251 714 1325 circumfusos
739 1252 837 1325 simul
866 1253 1006 1325 Aetrius
1033 1254 1127 1328 audit

297 1482 404 1572 ,Hoc,
428 1483 542 1557 sodes'
568 1488 699 1582 garrire
723 1488 806 1574 ,imo
832 1484 931 1578 illud,
956 1489 1156 1576 amabimus,
1184 1488 1307 1564 Aetri.'

297 1948 457 2044 Namque
482 1972 588 2024 senex
613 1950 656 2023 dc
682 1972 778 2024 more
802 1951 941 2023 domum
968 1974 1039 2024 tum
1066 1951 1157 2025 forte
1183 1954 1329 2043 redibat,

297 2188 363 2258 iam
389 2187 470 2258 satis
496 2187 530 2255 in
556 2187 686 2277 campis
712 2182 803 2256 ultro
828 2187 985 2279 citroque
1010 2207 1163 2283 vagatus.

297 2417 463 2491 Volverer
489 2415 547 2489 ilie
573 2419 688 2489 animo
713 2437 851 2510 reptans
878 2417 1048 2510 stipendia
1072 2441 1188 2492 secum

295 2650 528 2750 quadragena,
551 2650 670 2742 duces,
695 2653 863 2748 regiones,
890 2649 1045 2740 vulnera,
1069 2672 1222 2746 torques,

295 2914 329 2966 et
353 2915 444 2987 quae
469 2895 579 2985 prima
604 2889 705 2963 rudes
730 2891 812 2962 tuba
836 2894 1092 2984 perstrinxisset
1117 2897 1152 2965 in
1179 2896 1281 2966 annis

295 3148 394 3200 aures
418 3127 532 3200 tironi.
561 3121 750 3218 Prospectu
776 3142 916 3217 paverat
941 3121 1033 3195 idem

296 3360 383 3430 ruris
409 3360 599 3430 inassuetos
625 3355 747 3429 oculos
773 3359 992 3450 animumque
1017 3360 1184 3450 priorem,

294 3591 350 3663 hic
376 3610 524 3687 segetes,
550 3587 622 3662 illic
647 3587 768 3661 silvam
794 3592 935 3661 miratus
961 3609 995 3660 et
1021 3610 1169 3684 amnem,

294 3846 376 3898 mox
400 3827 434 3896 in
459 3845 618 3918 aquaque
644 3844 760 3895 anates
785 3845 819 3894 et
845 3846 948 3917 supra
974 3843 1065 3897 tecta
1090 3826 1280 3902 columbas.
1359 3849 1362 3852 ⁴

294 4057 386 4130 Dein
411 4059 445 4128 in
471 4058 702 4151 quincuncem
728 4055 876 4129 directas
900 4057 1022 4129 ordine
1048 4061 1147 4148 vites,

293 4311 331 4363 ut
356 4292 384 4363 si
409 4312 493 4384 quas
518 4289 614 4386 legio
638 4289 877 4386 depugnaturo
903 4288 1063 4363 cohortes

292 4521 466 4617 pandisset
490 4520 635 4596 virides:
662 4542 696 4594 at
721 4544 812 4610 aves,
836 4543 906 4594 non
931 4523 1029 4620 signa
1053 4521 1242 4597 canebant:

294 4755 373 4827 dein
398 4754 465 4826 late
490 4757 604 4828 corvis
627 4757 823 4854 nigrescere
848 4753 981 4826 viderat
1005 4773 1137 4843 arvum,
