3158 5588
244 586 287 654 14

629 556 1068 631 CENTURIO

289 815 362 867 tum
389 795 600 866 vestimentis
625 792 781 865 homines
807 813 842 865 et
867 791 1049 865 frondibus
1077 815 1165 866 artas

290 1027 489 1099 sternebant
515 1046 549 1096 et
573 1023 657 1096 flore
684 1028 752 1112 via,
776 1023 964 1118 laudesque
990 1027 1156 1098 canebant

290 1261 507 1352 nescioquas,
532 1278 569 1329 ut
594 1259 691 1350 equis
716 1259 776 1329 ubi
801 1279 921 1329 currus
946 1258 1082 1330 ducitur
1107 1258 1204 1333 albis.

292 1489 385 1564 Dum
411 1513 499 1585 quae
524 1492 567 1561 sit
592 1489 714 1562 dubito
739 1491 790 1561 vis
816 1488 874 1562 illa
899 1509 957 1562 aut
981 1494 1043 1583 qui
1069 1489 1178 1578 furor,
1205 1513 1286 1564 ecce

290 1725 325 1795 in
351 1722 459 1812 tarda,
485 1724 598 1817 pueri,
622 1743 760 1796 vectum
785 1724 937 1795 demiror
962 1722 1066 1796 asella

289 1955 381 2029 hunc
406 1955 590 2028 hominem.
615 1952 755 2027 Turbae
781 1958 923 2027 veniens
944 1954 1077 2029 adridet
1101 1959 1229 2031 ovanti.

291 2188 531 2262 Conclamant.
560 2187 722 2282 Sequitur
746 2187 926 2262 subsultim
951 2187 1066 2281 pullus
1091 2189 1241 2263 asellam.

292 2420 469 2493 Interdum
496 2423 624 2493 veritus
650 2443 694 2493 ne
718 2423 754 2492 in
779 2422 879 2493 turba
903 2420 1040 2493 deerret
1065 2420 1235 2511 alumnus,

290 2655 429 2747 respicit
455 2652 528 2740 ille,
553 2675 656 2726 manu
681 2653 844 2747 pavidum
869 2652 1040 2726 demulcet
1066 2676 1100 2727 et
1124 2654 1252 2728 haeret.

291 2885 386 2960 Dum
411 2889 459 2958 sic
485 2887 625 2976 adsisto,
650 2909 704 2959 me
729 2887 821 2958 ultro
846 2889 1024 2983 cognovit,
1049 2908 1083 2958 et
1109 2885 1172 2960 illo

289 3143 343 3192 me
368 3118 663 3218 praetergrediens
689 3117 818 3192 afflavit
842 3140 1016 3192 murmure
1043 3121 1163 3193 vocis’

289 3350 404 3448 ,Quae
430 3374 499 3425 vox
526 3352 585 3425 illa
610 3352 715 3427 fuiti'
741 3351 827 3440 ‚lam
852 3375 925 3425 sum
951 3352 1118 3426 dicturus.

1214 3583 1273 3656 Ad
1297 3607 1412 3658 arcem

290 3818 383 3891 illam
409 3841 478 3891 non
505 3818 611 3917 longo
636 3819 767 3910 primus
789 3839 866 3911 post
893 3839 1047 3911 tempore
1073 3817 1163 3910 pilus

289 4055 426 4124 miserat
451 4073 485 4122 et
509 4050 595 4122 silva
620 4052 773 4123 derasam
798 4073 939 4144 prorsus
964 4071 997 4122 et
1022 4035 1150 4133 herbis,

289 4284 349 4356 sed
373 4307 442 4378 qua
463 4306 534 4356 tum
561 4305 665 4356 staret
692 4283 794 4356 nullis
821 4282 993 4356 radicibus
1019 4285 1131 4358 arbos.

289 4517 428 4590 Scilicet
453 4518 627 4589 adstabam
654 4517 825 4589 crucibus.
852 4516 949 4614 Quid
974 4537 1131 4610 quaeque
1155 4535 1301 4604 teneret,

287 4773 411 4844 susque
437 4750 472 4821 id
499 4749 609 4843 deque
636 4749 711 4822 fuit.
740 4747 851 4821 Collis
876 4749 1026 4821 clamore
1051 4750 1195 4821 sonabat
