3158 5588
521 556 957 631 CENTURIO

184 789 346 885 aequales
371 793 469 862 annis
494 791 675 862 currebant
701 790 853 884 undique
876 792 1009 863 vestris.

184 1020 249 1095 Ille
275 1044 376 1095 manu
401 1022 556 1095 mulcens
578 1023 839 1117 amplexabatur
865 1023 909 1094 ad
932 1045 1038 1095 unum

182 1277 313 1327 omnes.
340 1255 389 1327 At
414 1257 556 1328 comites
580 1254 682 1328 simul
707 1257 903 1353 obiurgare,
930 1258 1066 1347 minari,

184 1490 350 1561 matribus
375 1491 496 1561 irascit
524 1489 672 1562 tumidos
696 1511 820 1582 pacare
845 1491 1019 1588 magister,

183 1724 254 1793 sive
280 1724 357 1816 quis
382 1720 442 1793 ille
468 1719 545 1796 fuit.
573 1720 665 1794 Mox
689 1744 744 1793 me
770 1722 953 1810 subeunte,
977 1721 1072 1794 velut
1096 1725 1125 1793 si
1210 1756 1213 1757 ⁷

182 1975 256 2026 sese
282 1956 318 2025 in
344 1976 569 2048 conspectum
595 1959 700 2028 tacito
725 1955 815 2049 pede
841 1953 935 2027 larva
960 1954 1121 2044 dedisset,

182 2185 219 2258 fit
245 2185 338 2286 fuga.
366 2187 436 2259 Sed
461 2191 560 2281 pueri
585 2188 719 2288 galeam
744 2188 967 2287 gladiumque
992 2210 1157 2282 paventes

183 2423 218 2491 in
242 2422 414 2518 gremium
439 2424 511 2494 cari
537 2444 574 2493 se
600 2426 751 2494 reiecere
776 2425 941 2520 magistri.

104 2731 107 2735 ,
183 2652 305 2750 Quid?
331 2676 413 2765 nutu
439 2655 628 2727 cernebant
653 2658 779 2728 veteris
803 2658 950 2754 vestigia
975 2655 1116 2728 caedis?

182 2886 406 2959 Restiteram.
433 2886 525 2962 Tum
550 2891 647 2960 triste
670 2889 810 2981 quidem
835 2888 897 2960 sed
921 2888 1023 2960 dulce
1047 2853 1172 2962 sonans
1197 2913 1266 2965 vox

183 3118 242 3191 ilia
266 3141 372 3209 meas,
396 3144 499 3194 unam
523 3144 627 3216 quam
652 3144 785 3211 noram,
811 3124 905 3195 venit
930 3121 973 3195 ad
998 3144 1107 3197 aures.
1122 3179 1132 3197 .
1146 3179 1155 3196 .
1170 3126 1192 3197 .'

182 3352 292 3450 ‚Quid
315 3376 402 3428 vero
426 3378 495 3428 vox
517 3355 581 3432 iila
606 3377 704 3428 sonat
713 3356 742 3429 ‘i'
767 3355 846 3443 ‚Nil
871 3356 979 3429 milite
1005 3353 1147 3454 dignum

183 3585 356 3681 profecto,
381 3591 505 3682 pueri'
532 3589 655 3687 ,Quid
681 3589 820 3662 sodes‘i'
845 3589 1024 3683 ‚Eloquaa

181 4053 281 4127 huius
306 4078 383 4128 cum
409 4059 521 4154 gentis
547 4079 644 4130 sacra
665 4069 821 4129 versarer
845 4059 880 4128 in
905 4055 1004 4144 urbe,

142 4323 144 4327 ·
182 4289 330 4382 perculit
356 4290 514 4364 insolitus
540 4291 651 4385 plebis
676 4312 863 4362 concursus
887 4309 923 4362 et
948 4312 1072 4366 aestus.

121 4590 124 4595 .
182 4521 355 4597 Omnibus
379 4549 399 4596 e
423 4529 509 4598 vicis
534 4524 796 4598 effundebantur
821 4523 944 4597 eodem

180 4779 352 4855 gestantes
377 4761 534 4832 manibus
558 4782 669 4832 ramos
693 4757 854 4852 pallentis
877 4758 1010 4831 olivae:
