3158 5588
244 576 287 624 ιο
624 545 1060 621 CENTURlO

286 787 420 860 sederat
445 788 480 856 in
506 806 602 873 saxo,
628 787 694 855 iam
720 806 798 856 cum
824 804 879 854 res
903 801 992 853 esset
1018 784 1054 852 in
1080 801 1165 870 arto,

286 1023 456 1106 centurio,
481 1020 642 1111 cepitque
667 1017 782 1090 hostes
806 1015 952 1087 herbosa
977 1015 1132 1108 crepido.

286 1252 336 1326 Ut
361 1275 439 1325 curn
463 1251 660 1344 passeribus
685 1251 749 1323 sub
772 1269 909 1322 noctem
933 1272 1036 1344 saepe
1061 1270 1243 1342 cupressus

285 1485 399 1558 multis
424 1485 530 1557 multa
556 1506 669 1571 sonat,
696 1506 796 1577 quam
821 1505 1035 1576 prospexere
1060 1486 1229 1555 virentem

285 1718 335 1790 illi
361 1742 380 1790 a
405 1739 504 1790 mane
530 1720 623 1816 vagi,
647 1717 729 1792 dum
755 1720 883 1788 semina
907 1718 1025 1791 condit
1050 1738 1182 1790 arator:

285 1951 560 2026 deversoriolum
586 1952 652 2023 sibi
677 1953 821 2044 quisque
846 1950 1025 2023 laboribus
1047 1954 1132 2023 actis

285 2207 377 2256 nunc
403 2185 487 2283 legit
512 2188 547 2256 in
573 2183 684 2257 foliis:
712 2184 831 2256 avibus
856 2205 964 2256 scatet
990 2186 1092 2257 arbor
1117 2205 1151 2256 ct
1176 2185 1313 2256 umbra:

285 2421 442 2513 protinus
467 2417 637 2489 exsultant
663 2439 696 2489 et
721 2417 764 2489 de
790 2416 921 2490 cultore
946 2417 1173 2511 triumphant:

284 2674 316 2723 at
341 2651 461 2745 procul
488 2649 631 2722 effusum
657 2654 848 2744 necopinus
873 2651 1018 2723 credidit
1042 2651 1186 2722 imbrem

285 2887 442 2971 rusticus,
468 2905 526 2955 aut
551 2905 677 2980 magno
702 2887 838 2956 misceri
864 2886 1001 2956 turbine
1026 2883 1161 2958 lucum:

283 3139 355 3188 turn
380 3119 409 3187 si
434 3119 493 3210 qui
518 3120 610 3188 cauti
635 3119 764 3188 sonitus
789 3118 887 3210 pedis
913 3120 1054 3216 ingruit,
1080 3138 1138 3190 aut
1163 3120 1190 3188 si

283 3349 413 3421 decidit
440 3354 475 3422 in
500 3372 624 3421 terram
649 3353 764 3448 gravis
789 3353 863 3443 ipsa
887 3372 931 3422 cx
958 3353 1081 3424 arbore
1105 3352 1203 3437 baca,

283 3586 499 3655 conticuere:
526 3581 603 3656 silet
629 3583 775 3664 caelum,
801 3604 996 3679 terramque
1020 3605 1115 3658 tenet
1139 3606 1224 3658 nox:

282 3819 340 3887 vix
365 3816 421 3888 hic
446 3817 600 3889 dicturus
625 3817 771 3914 digitum
798 3817 885 3888 bene
912 3817 1060 3908 sustulit,
1085 3817 1137 3890 illi

282 4070 342 4122 ore
367 4047 496 4123 favent.
524 4048 668 4122 Circum
693 4049 796 4123 velox
821 4050 957 4123 auditur
982 4051 1130 4124 hirundo

254 4286 316 4352 ”et
341 4284 457 4375 coepit
482 4283 689 4377 quandoque
713 4287 811 4376 queri
838 4283 1057 4358 ranunculus.

1187 4518 1296 4606 ,Olim
1312 4573 1320 4590 .
1336 4573 1344 4590 .
1361 4572 1396 4590 ..

281 4746 423 4842 Semper
448 4770 515 4845 ego
540 4770 578 4820 ut
602 4770 697 4820 mera
722 4749 814 4821 bella
839 4751 1004 4843 crepem‘l
1031 4751 1272 4843 Concurritur,
1297 4754 1345 4840 io,
